<?xml version="1.0" encoding="UTF-8"?><collection xmlns="http://www.loc.gov/MARC21/slim"><record><leader>00428nam--2200133-i-4500</leader><controlfield tag="001">000001737</controlfield><controlfield tag="002">20161230</controlfield><controlfield tag="005">20161230201024</controlfield><controlfield tag="008">060222s1000------------r-----000-0-eng-d</controlfield><datafield ind1=" " ind2=" " tag="080"><subfield code="a">621.382.3</subfield></datafield><datafield ind1=" " ind2=" " tag="100"><subfield code="a">Esteve, Daniel</subfield></datafield><datafield ind1=" " ind2=" " tag="245"><subfield code="a">Influence des effets de surface sur le comportement electrique des transistors bipolaires.these</subfield></datafield><datafield ind1=" " ind2=" " tag="260"><subfield code="a">Toulouse, Faculte Des Sciences De L Universite De Toulouse, 1969. 238 P</subfield></datafield><datafield ind1=" " ind2=" " tag="852"><subfield code="a">34339</subfield></datafield></record></collection>